
@inproceedings{sewak2022deep,
  title={Deep reinforcement learning for cybersecurity threat detection and protection: A review},
  author={Sewak, Mohit and Sahay, Sanjay K and Rathore, Hemant},
  booktitle={Secure Knowledge Management In The Artificial Intelligence Era: 9th International Conference, SKM 2021, San Antonio, TX, USA, October 8--9, 2021, Proceedings},
  pages={51--72},
  year={2022},
  organization={Springer}
}

@article{gabirondo2021towards,
  title={Towards autonomous defense of SDN networks using MuZero based intelligent agents},
  author={Gabirondo-L{\'o}pez, Jon and Egana, Jon and Miguel-Alonso, Jose and Urrutia, Raul Orduna},
  journal={IEEE Access},
  volume={9},
  pages={107184--107199},
  year={2021},
  publisher={IEEE}
}

@article{dhir2021prospective,
  title={Prospective artificial intelligence approaches for active cyber defence},
  author={Dhir, Neil and Hoeltgebaum, Henrique and Adams, Niall and Briers, Mark and Burke, Anthony and Jones, Paul},
  journal={arXiv preprint arXiv:2104.09981},
  year={2021}
}

@article{hu2020adaptive,
  title={Adaptive cyber defense against multi-stage attacks using learning-based pomdp},
  author={Hu, Zhisheng and Zhu, Minghui and Liu, Peng},
  journal={ACM Transactions on Privacy and Security (TOPS)},
  volume={24},
  number={1},
  pages={1--25},
  year={2020},
  publisher={ACM New York, NY, USA}
}

@inproceedings{hammar2021learning,
  title={Learning intrusion prevention policies through optimal stopping},
  author={Hammar, Kim and Stadler, Rolf},
  booktitle={2021 17th International Conference on Network and Service Management (CNSM)},
  pages={509--517},
  year={2021},
  organization={IEEE}
}

@article{heuillet2021explainability,
  title={Explainability in deep reinforcement learning},
  author={Heuillet, Alexandre and Couthouis, Fabien and D{\'\i}az-Rodr{\'\i}guez, Natalia},
  journal={Knowledge-Based Systems},
  volume={214},
  pages={106685},
  year={2021},
  publisher={Elsevier}
}

@article{andrew2022developing,
  title={Developing Optimal Causal Cyber-Defence Agents via Cyber Security Simulation},
  author={Andrew, Alex and Spillard, Sam and Collyer, Joshua and Dhir, Neil},
  journal={arXiv preprint arXiv:2207.12355},
  year={2022}
}

@misc{blum2021gamifying,
  title={Gamifying machine learning for stronger security and ai models},
  author={Blum, W},
  year={2021},
  publisher={Apr}
}

@article{standen2021cyborg,
  title={Cyborg: A gym for the development of autonomous cyber agents},
  author={Standen, Maxwell and Lucas, Martin and Bowman, David and Richer, Toby J and Kim, Junae and Marriott, Damian},
  journal={arXiv preprint arXiv:2108.09118},
  year={2021}
}

@inproceedings{madumal2020explainable,
  title={Explainable reinforcement learning through a causal lens},
  author={Madumal, Prashan and Miller, Tim and Sonenberg, Liz and Vetere, Frank},
  booktitle={Proceedings of the AAAI conference on artificial intelligence},
  volume={34},
  number={03},
  pages={2493--2500},
  year={2020}
}

@book{PearlMackenzie18,
  added-at = {2018-09-17T16:24:20.000+0200},
  address = {New York},
  author = {Pearl, Judea and Mackenzie, Dana},
  biburl = {https://www.bibsonomy.org/bibtex/212360928cada467ce0f3bfa5e511752d/flint63},
  file = {2018/PearlMackenzie18.pdf},
  interhash = {dc0eae388b44d13b931962ebc07f5914},
  intrahash = {12360928cada467ce0f3bfa5e511752d},
  isbn = {978-0-465-09760-9},
  isbn10 = {046509760X},
  keywords = {01941 103 ai algorithm book knowledge numerical processing science theory},
  language = {american},
  publisher = {Basic Books},
  related = {Pearl09},
  shop = {https://www.basicbooks.com/titles/judea-pearl/the-book-of-why/9780465097616/},
  sortdate = {2018-06-01},
  subtitle = {The New Science of Cause and Effect},
  timestamp = {2018-09-17T16:24:20.000+0200},
  title = {The Book of Why},
  year = 2018
}


@article{madumal2020distal,
  title={Distal explanations for model-free explainable reinforcement learning},
  author={Madumal, Prashan and Miller, Tim and Sonenberg, Liz and Vetere, Frank},
  journal={arXiv preprint arXiv:2001.10284},
  year={2020}
}

@article{wang2022causal,
  title={Causal Explanation for Reinforcement Learning: Quantifying State and Temporal Importance},
  author={Wang, Xiaoxiao and Meng, Fanyu and Kong, Zhaodan and Chen, Xin and Liu, Xin},
  journal={arXiv preprint arXiv:2210.13507},
  year={2022}
}

@article{simonyan2013deep,
  title={Deep inside convolutional networks: Visualising image classification models and saliency maps},
  author={Simonyan, Karen and Vedaldi, Andrea and Zisserman, Andrew},
  journal={arXiv preprint arXiv:1312.6034},
  year={2013}
}

@inproceedings{greydanus2018visualizing,
  title={Visualizing and understanding atari agents},
  author={Greydanus, Samuel and Koul, Anurag and Dodge, Jonathan and Fern, Alan},
  booktitle={International conference on machine learning},
  pages={1792--1801},
  year={2018},
  organization={PMLR}
}

@misc{msft:cyberbattlesim,
  title = {CyberBattleSim},
  author = {Microsoft Defender Research Team.},
  url = {https://github.com/microsoft/cyberbattlesim},
  year = {2021}
}

@misc{YTexample,
   title = {YAWNING-TITAN v2.0b1 releases: abstract, graph based cyber-security simulation environment},
   author = {Do Son},
   url = {https://securityonline.info/yawning-titan-abstract-graph-based-cyber-security-simulation-environment/}
   
}