@inproceedings{sewak2022deep,
  title={Deep reinforcement learning for cybersecurity threat detection and protection: A review},
  author={Sewak, Mohit and Sahay, Sanjay K and Rathore, Hemant},
  booktitle={Secure Knowledge Management In The Artificial Intelligence Era: 9th International Conference, SKM 2021, San Antonio, TX, USA, October 8--9, 2021, Proceedings},
  pages={51--72},
  year={2022},
  organization={Springer}
}

@article{gabirondo2021towards,
  title={Towards autonomous defense of SDN networks using MuZero based intelligent agents},
  author={Gabirondo-L{\'o}pez, Jon and Egana, Jon and Miguel-Alonso, Jose and Urrutia, Raul Orduna},
  journal={IEEE Access},
  volume={9},
  pages={107184--107199},
  year={2021},
  publisher={IEEE}
}

@article{dhir2021prospective,
  title={Prospective artificial intelligence approaches for active cyber defence},
  author={Dhir, Neil and Hoeltgebaum, Henrique and Adams, Niall and Briers, Mark and Burke, Anthony and Jones, Paul},
  journal={arXiv preprint arXiv:2104.09981},
  year={2021}
}

@book{sutton2018reinforcement,
  title={Reinforcement learning: An introduction},
  author={Sutton, Richard S and Barto, Andrew G},
  year={2018},
  publisher={MIT press}
}

@inproceedings{YT,
 author = {Andrew, Alex and Spillard, Sam and Collyer, Joshua and Dhir, Neil},
 year = {2022},
 month = {07},
 title = {Developing Optimal Causal Cyber-Defence Agents via Cyber Security Simulation},
 maintitle = {International Confernece on Machine Learning (ICML)},
 booktitle = {Workshop on Machine Learning for Cybersecurity (ML4Cyber)}
}

@article{hu2020adaptive,
  title={Adaptive cyber defense against multi-stage attacks using learning-based pomdp},
  author={Hu, Zhisheng and Zhu, Minghui and Liu, Peng},
  journal={ACM Transactions on Privacy and Security (TOPS)},
  volume={24},
  number={1},
  pages={1--25},
  year={2020},
  publisher={ACM New York, NY, USA}
}

@inproceedings{hammar2021learning,
  title={Learning intrusion prevention policies through optimal stopping},
  author={Hammar, Kim and Stadler, Rolf},
  booktitle={2021 17th International Conference on Network and Service Management (CNSM)},
  pages={509--517},
  year={2021},
  organization={IEEE}
}

@article{heuillet2021explainability,
  title={Explainability in deep reinforcement learning},
  author={Heuillet, Alexandre and Couthouis, Fabien and D{\'\i}az-Rodr{\'\i}guez, Natalia},
  journal={Knowledge-Based Systems},
  volume={214},
  pages={106685},
  year={2021},
  publisher={Elsevier}
}


@misc{blum2021gamifying,
  title={Gamifying machine learning for stronger security and ai models},
  author={Blum, W},
  year={2021},
  publisher={Apr}
}

@article{standen2021cyborg,
  title={Cyborg: A gym for the development of autonomous cyber agents},
  author={Standen, Maxwell and Lucas, Martin and Bowman, David and Richer, Toby J and Kim, Junae and Marriott, Damian},
  journal={arXiv preprint arXiv:2108.09118},
  year={2021}
}

@inproceedings{madumal2020explainable,
  title={Explainable reinforcement learning through a causal lens},
  author={Madumal, Prashan and Miller, Tim and Sonenberg, Liz and Vetere, Frank},
  booktitle={Proceedings of the AAAI conference on artificial intelligence},
  volume={34},
  number={03},
  pages={2493--2500},
  year={2020}
}

@book{PearlMackenzie18,
  added-at = {2018-09-17T16:24:20.000+0200},
  address = {New York},
  author = {Pearl, Judea and Mackenzie, Dana},
  biburl = {https://www.bibsonomy.org/bibtex/212360928cada467ce0f3bfa5e511752d/flint63},
  file = {2018/PearlMackenzie18.pdf},
  interhash = {dc0eae388b44d13b931962ebc07f5914},
  intrahash = {12360928cada467ce0f3bfa5e511752d},
  isbn = {978-0-465-09760-9},
  isbn10 = {046509760X},
  keywords = {01941 103 ai algorithm book knowledge numerical processing science theory},
  language = {american},
  publisher = {Basic Books},
  related = {Pearl09},
  shop = {https://www.basicbooks.com/titles/judea-pearl/the-book-of-why/9780465097616/},
  sortdate = {2018-06-01},
  subtitle = {The New Science of Cause and Effect},
  timestamp = {2018-09-17T16:24:20.000+0200},
  title = {The Book of Why},
  year = 2018
}


@article{madumal2020distal,
  title={Distal explanations for model-free explainable reinforcement learning},
  author={Madumal, Prashan and Miller, Tim and Sonenberg, Liz and Vetere, Frank},
  journal={arXiv preprint arXiv:2001.10284},
  year={2020}
}

@article{wang2022causal,
  title={Causal Explanation for Reinforcement Learning: Quantifying State and Temporal Importance},
  author={Wang, Xiaoxiao and Meng, Fanyu and Kong, Zhaodan and Chen, Xin and Liu, Xin},
  journal={arXiv preprint arXiv:2210.13507},
  year={2022}
}

@article{simonyan2013deep,
  title={Deep inside convolutional networks: Visualising image classification models and saliency maps},
  author={Simonyan, Karen and Vedaldi, Andrea and Zisserman, Andrew},
  journal={arXiv preprint arXiv:1312.6034},
  year={2013}
}

@inproceedings{greydanus2018visualizing,
  title={Visualizing and understanding atari agents},
  author={Greydanus, Samuel and Koul, Anurag and Dodge, Jonathan and Fern, Alan},
  booktitle={International conference on machine learning},
  pages={1792--1801},
  year={2018},
  organization={PMLR}
}

@misc{msft:cyberbattlesim,
  title = {CyberBattleSim},
  author = {Microsoft Defender Research Team.},
  url = {https://github.com/microsoft/cyberbattlesim},
  year = {2021}
}

@misc{YTexample,
   title = {YAWNING-TITAN v2.0b1 releases: abstract, graph based cyber-security simulation environment},
   author = {Do Son},
   url = {https://securityonline.info/yawning-titan-abstract-graph-based-cyber-security-simulation-environment/}
   
}

@misc{Ninasummer,
   title = {Lunar_Causal_Network},
   author = {Nina Pi},
   url = {https://github.com/NinaPi/Lunar_Causal_Network/tree/main}  
}

@article{gershman2017reinforcement,
  title={Reinforcement learning and causal models},
  author={Gershman, Samuel J},
  journal={The Oxford handbook of causal reasoning},
  volume={1},
  pages={295},
  year={2017},
  publisher={Oxford university press}
}

@misc{CRLtalk,
   title = {Causal Reinforcement Learning},
   author = {Elias Bareinboim},
   url = {https://crl.causalai.net/}  
}

@book{pearl2018book,
  title={The book of why: the new science of cause and effect},
  author={Pearl, Judea and Mackenzie, Dana},
  year={2018},
  publisher={Basic books}
}

@article{heuillet2021explainability,
  title={Explainability in deep reinforcement learning},
  author={Heuillet, Alexandre and Couthouis, Fabien and D{\'\i}az-Rodr{\'\i}guez, Natalia},
  journal={Knowledge-Based Systems},
  volume={214},
  pages={106685},
  year={2021},
  publisher={Elsevier}
}

@article{yau2020did,
  title={What did you think would happen? explaining agent behaviour through intended outcomes},
  author={Yau, Herman and Russell, Chris and Hadfield, Simon},
  journal={Advances in Neural Information Processing Systems},
  volume={33},
  pages={18375--18386},
  year={2020}
}

@article{halpern2005causes2,
  title={Causes and explanations: A structural-model approach. Part II: Explanations},
  author={Halpern, Joseph Y and Pearl, Judea},
  journal={The British journal for the philosophy of science},
  year={2005},
  publisher={The University of Chicago Press}
}

@book{sutton2018reinforcement,
  title={Reinforcement learning: An introduction},
  author={Sutton, Richard S and Barto, Andrew G},
  year={2018},
  publisher={MIT press}
}

@article{xie2019causality,
  title={Causality and good \& evil and their universal principles and criteria},
  author={Xie, Sherman},
  journal={Available at SSRN 3416421},
  year={2019}
}

@article{halpern2005causes1,
  title={Causes and explanations: A structural-model approach. Part I: Causes},
  author={Halpern, Joseph Y and Pearl, Judea},
  journal={The British journal for the philosophy of science},
  year={2005},
  publisher={The University of Chicago Press}
}

@book{pearl2009causality,
  title={Causality},
  author={Pearl, Judea},
  year={2009},
  publisher={Cambridge university press}
}

@article{shimizu2006linear,
  title={A linear non-Gaussian acyclic model for causal discovery.},
  author={Shimizu, Shohei and Hoyer, Patrik O and Hyv{\"a}rinen, Aapo and Kerminen, Antti and Jordan, Michael},
  journal={Journal of Machine Learning Research},
  volume={7},
  number={10},
  year={2006}
}

@book{spirtes2000causation,
  title={Causation, prediction, and search},
  author={Spirtes, Peter and Glymour, Clark N and Scheines, Richard},
  year={2000},
  publisher={MIT press}
}

@article{huang2012pearl,
  title={Pearl's calculus of intervention is complete},
  author={Huang, Yimin and Valtorta, Marco},
  journal={arXiv preprint arXiv:1206.6831},
  year={2012}
}

@inproceedings{collyer2022acd,
  title={ACD-G: Enhancing autonomous cyber defense agent generalization through graph embedded network representation},
  author={Collyer, Josh and Andrew, Alex and Hodges, Duncan},
  year={2022},
  organization={International Conference on Machine Learning}
}

@article{miller2019explanation,
  title={Explanation in artificial intelligence: Insights from the social sciences},
  author={Miller, Tim},
  journal={Artificial intelligence},
  volume={267},
  pages={1--38},
  year={2019},
  publisher={Elsevier}
}

@article{kim2016examples,
  title={Examples are not enough, learn to criticize! criticism for interpretability},
  author={Kim, Been and Khanna, Rajiv and Koyejo, Oluwasanmi O},
  journal={Advances in neural information processing systems},
  volume={29},
  year={2016}
}

@article{vouros2022explainable,
  title={Explainable deep reinforcement learning: state of the art and challenges},
  author={Vouros, George A},
  journal={ACM Computing Surveys},
  volume={55},
  number={5},
  pages={1--39},
  year={2022},
  publisher={ACM New York, NY}
}

@article{qing2022survey,
  title={A survey on explainable reinforcement learning: Concepts, algorithms, challenges},
  author={Qing, Yunpeng and Liu, Shunyu and Song, Jie and Song, Mingli},
  journal={arXiv preprint arXiv:2211.06665},
  year={2022}
}

@article{glanois2021survey,
  title={A survey on interpretable reinforcement learning},
  author={Glanois, Claire and Weng, Paul and Zimmer, Matthieu and Li, Dong and Yang, Tianpei and Hao, Jianye and Liu, Wulong},
  journal={arXiv preprint arXiv:2112.13112},
  year={2021}
}

@web{ppofacts,
   url = {https://towardsdatascience.com/proximal-policy-optimization-ppo-explained-abed1952457b},
   author = {Wouter van Heeswijk},
   title = {Proximal Policy Optimisation Explained}
}

@article{schulman2017proximal,
  title={Proximal policy optimization algorithms},
  author={Schulman, John and Wolski, Filip and Dhariwal, Prafulla and Radford, Alec and Klimov, Oleg},
  journal={arXiv preprint arXiv:1707.06347},
  year={2017}
}

@article{stable-baselines3,
  author  = {Antonin Raffin and Ashley Hill and Adam Gleave and Anssi Kanervisto and Maximilian Ernestus and Noah Dormann},
  title   = {Stable-Baselines3: Reliable Reinforcement Learning Implementations},
  journal = {Journal of Machine Learning Research},
  year    = {2021},
  volume  = {22},
  number  = {268},
  pages   = {1-8},
  url     = {http://jmlr.org/papers/v22/20-1364.html}
}

@article{wells2021explainable,
  title={Explainable ai and reinforcement learning—a systematic review of current approaches and trends},
  author={Wells, Lindsay and Bednarz, Tomasz},
  journal={Frontiers in artificial intelligence},
  volume={4},
  pages={550030},
  year={2021},
  publisher={Frontiers Media SA}
}


@InProceedings{pmlr-v108-silva20a,
  title = 	 {Optimization Methods for Interpretable Differentiable Decision Trees Applied to Reinforcement Learning},
  author =       {Silva, Andrew and Gombolay, Matthew and Killian, Taylor and Jimenez, Ivan and Son, Sung-Hyun},
  booktitle = 	 {Proceedings of the Twenty Third International Conference on Artificial Intelligence and Statistics},
  pages = 	 {1855--1865},
  year = 	 {2020},
  editor = 	 {Chiappa, Silvia and Calandra, Roberto},
  volume = 	 {108},
  series = 	 {Proceedings of Machine Learning Research},
  month = 	 {26--28 Aug},
  publisher =    {PMLR},
  pdf = 	 {http://proceedings.mlr.press/v108/silva20a/silva20a.pdf},
  url = 	 {https://proceedings.mlr.press/v108/silva20a.html}
}

@article{glanois2021survey,
  title={A survey on interpretable reinforcement learning},
  author={Glanois, Claire and Weng, Paul and Zimmer, Matthieu and Li, Dong and Yang, Tianpei and Hao, Jianye and Liu, Wulong},
  journal={arXiv preprint arXiv:2112.13112},
  year={2021}
}

@inproceedings{dovsilovic2018explainable,
  title={Explainable artificial intelligence: A survey},
  author={Do{\v{s}}ilovi{\'c}, Filip Karlo and Br{\v{c}}i{\'c}, Mario and Hlupi{\'c}, Nikica},
  booktitle={2018 41st International convention on information and communication technology, electronics and microelectronics (MIPRO)},
  pages={0210--0215},
  year={2018},
  organization={IEEE}
}

@article{rudin2019stop,
  title={Stop explaining black box machine learning models for high stakes decisions and use interpretable models instead},
  author={Rudin, Cynthia},
  journal={Nature machine intelligence},
  volume={1},
  number={5},
  pages={206--215},
  year={2019},
  publisher={Nature Publishing Group UK London}
}

@inproceedings{greydanus2018visualizing,
  title={Visualizing and understanding atari agents},
  author={Greydanus, Samuel and Koul, Anurag and Dodge, Jonathan and Fern, Alan},
  booktitle={International conference on machine learning},
  pages={1792--1801},
  year={2018},
  organization={PMLR}
}

@article{simonyan2013deep,
  title={Deep inside convolutional networks: Visualising image classification models and saliency maps},
  author={Simonyan, Karen and Vedaldi, Andrea and Zisserman, Andrew},
  journal={arXiv preprint arXiv:1312.6034},
  year={2013}
}

@inproceedings{juozapaitis2019explainable,
  title={Explainable reinforcement learning via reward decomposition},
  author={Juozapaitis, Zoe and Koul, Anurag and Fern, Alan and Erwig, Martin and Doshi-Velez, Finale},
  booktitle={IJCAI/ECAI Workshop on explainable artificial intelligence},
  year={2019}
}

@article{olson2021counterfactual,
  title={Counterfactual state explanations for reinforcement learning agents via generative deep learning},
  author={Olson, Matthew L and Khanna, Roli and Neal, Lawrence and Li, Fuxin and Wong, Weng-Keen},
  journal={Artificial Intelligence},
  volume={295},
  pages={103455},
  year={2021},
  publisher={Elsevier}
}

@inproceedings{puiutta2020explainable,
  title={Explainable reinforcement learning: A survey},
  author={Puiutta, Erika and Veith, Eric MSP},
  booktitle={International cross-domain conference for machine learning and knowledge extraction},
  pages={77--95},
  year={2020},
  organization={Springer}
}

@inproceedings{ehsan2019automated,
  title={Automated rationale generation: a technique for explainable AI and its effects on human perceptions},
  author={Ehsan, Upol and Tambwekar, Pradyumna and Chan, Larry and Harrison, Brent and Riedl, Mark O},
  booktitle={Proceedings of the 24th International Conference on Intelligent User Interfaces},
  pages={263--274},
  year={2019}
}

@article{wang2018dqnviz,
  title={Dqnviz: A visual analytics approach to understand deep q-networks},
  author={Wang, Junpeng and Gou, Liang and Shen, Han-Wei and Yang, Hao},
  journal={IEEE transactions on visualization and computer graphics},
  volume={25},
  number={1},
  pages={288--298},
  year={2018},
  publisher={IEEE}
}

@article{huang2019enabling,
  title={Enabling robots to communicate their objectives},
  author={Huang, Sandy H and Held, David and Abbeel, Pieter and Dragan, Anca D},
  journal={Autonomous Robots},
  volume={43},
  pages={309--326},
  year={2019},
  publisher={Springer}
}

@article{miller2017explainable,
  title={Explainable AI: Beware of inmates running the asylum or: How I learnt to stop worrying and love the social and behavioural sciences},
  author={Miller, Tim and Howe, Piers and Sonenberg, Liz},
  journal={arXiv preprint arXiv:1712.00547},
  year={2017}
}

@article{mnih2013playing,
  title={Playing atari with deep reinforcement learning},
  author={Mnih, Volodymyr and Kavukcuoglu, Koray and Silver, David and Graves, Alex and Antonoglou, Ioannis and Wierstra, Daan and Riedmiller, Martin},
  journal={arXiv preprint arXiv:1312.5602},
  year={2013}
}