@inproceedings{inproceedings,
 author = {Andrew, Alex and Spillard, Sam and Collyer, Joshua and Dhir, Neil},
 year = {2022},
 month = {07},
 title = {Developing Optimal Causal Cyber-Defence Agents via Cyber Security Simulation},
 maintitle = {International Confernece on Machine Learning (ICML)},
 booktitle = {Workshop on Machine Learning for Cybersecurity (ML4Cyber)}
}

@online{YTdocs, 
 author = {Andrew, Alex and Spillard, Sam and Collyer, Joshua and Dhir, Neil},
 url = {https://dstl.github.io/YAWNING-TITAN/source/getting_started.html},
 urldate = {2023-04-06},
 title = {YAWNING TITAN v2.0.1 docs}
}

@book{sutton2018reinforcement,
  title={Reinforcement learning: An introduction},
  author={Sutton, Richard S and Barto, Andrew G},
  year={2018},
  publisher={MIT press}
}

@online{HFcourse,
 title = {Deep Reinforcement Learning Course},
 url = {https://huggingface.co/learn/deep-rl-course/unit0/introduction}, 
 urldate = {2023-04-06},
 author = {Hugging Face}
}

@article{stable-baselines3,
  author  = {Antonin Raffin and Ashley Hill and Adam Gleave and Anssi Kanervisto and Maximilian Ernestus and Noah Dormann},
  title   = {Stable-Baselines3: Reliable Reinforcement Learning Implementations},
  journal = {Journal of Machine Learning Research},
  year    = {2021},
  volume  = {22},
  number  = {268},
  pages   = {1-8},
  url     = {http://jmlr.org/papers/v22/20-1364.html}
}

@article{mnih2013playing,
  title={Playing atari with deep reinforcement learning},
  author={Mnih, Volodymyr and Kavukcuoglu, Koray and Silver, David and Graves, Alex and Antonoglou, Ioannis and Wierstra, Daan and Riedmiller, Martin},
  journal={arXiv preprint arXiv:1312.5602},
  year={2013}
}

@article{mnih2013playing,
  title={Playing atari with deep reinforcement learning},
  author={Mnih, Volodymyr and Kavukcuoglu, Koray and Silver, David and Graves, Alex and Antonoglou, Ioannis and Wierstra, Daan and Riedmiller, Martin},
  journal={arXiv preprint arXiv:1312.5602},
  year={2013}
}

@article{schulman2017proximal,
  title={Proximal policy optimization algorithms},
  author={Schulman, John and Wolski, Filip and Dhariwal, Prafulla and Radford, Alec and Klimov, Oleg},
  journal={arXiv preprint arXiv:1707.06347},
  year={2017}
}

@inproceedings{madumal2020explainable,
  title={Explainable reinforcement learning through a causal lens},
  author={Madumal, Prashan and Miller, Tim and Sonenberg, Liz and Vetere, Frank},
  booktitle={Proceedings of the AAAI conference on artificial intelligence},
  volume={34},
  number={03},
  pages={2493--2500},
  year={2020}
}

@article{wang2022causal,
  title={Causal Explanation for Reinforcement Learning: Quantifying State and Temporal Importance},
  author={Wang, Xiaoxiao and Meng, Fanyu and Kong, Zhaodan and Chen, Xin and Liu, Xin},
  journal={arXiv preprint arXiv:2210.13507},
  year={2022}
}

@article{glanois2021survey,
  title={A survey on interpretable reinforcement learning},
  author={Glanois, Claire and Weng, Paul and Zimmer, Matthieu and Li, Dong and Yang, Tianpei and Hao, Jianye and Liu, Wulong},
  journal={arXiv preprint arXiv:2112.13112},
  year={2021}
}


@article{wells2021explainable,
  title={Explainable ai and reinforcement learningâ€”a systematic review of current approaches and trends},
  author={Wells, Lindsay and Bednarz, Tomasz},
  journal={Frontiers in artificial intelligence},
  volume={4},
  pages={550030},
  year={2021},
  publisher={Frontiers Media SA}
}

@article{heuillet2021explainability,
  title={Explainability in deep reinforcement learning},
  author={Heuillet, Alexandre and Couthouis, Fabien and D{\'\i}az-Rodr{\'\i}guez, Natalia},
  journal={Knowledge-Based Systems},
  volume={214},
  pages={106685},
  year={2021},
  publisher={Elsevier}
}

@article{simonyan2013deep,
  title={Deep inside convolutional networks: Visualising image classification models and saliency maps},
  author={Simonyan, Karen and Vedaldi, Andrea and Zisserman, Andrew},
  journal={arXiv preprint arXiv:1312.6034},
  year={2013}
}

@article{madumal2020distal,
  title={Distal explanations for model-free explainable reinforcement learning},
  author={Madumal, Prashan and Miller, Tim and Sonenberg, Liz and Vetere, Frank},
  journal={arXiv preprint arXiv:2001.10284},
  year={2020}
}

@article{glymour2019review,
  title={Review of causal discovery methods based on graphical models},
  author={Glymour, Clark and Zhang, Kun and Spirtes, Peter},
  journal={Frontiers in genetics},
  volume={10},
  pages={524},
  year={2019},
  publisher={Frontiers Media SA}
}